<?xml version="1.0" encoding="UTF-8"?><collection xmlns="http://www.loc.gov/MARC21/slim"><record><leader>00522nam--2200157-i-4500</leader><controlfield tag="001">000010797</controlfield><controlfield tag="002">20161230</controlfield><controlfield tag="005">20170114224931</controlfield><controlfield tag="008">060222s1000------------r-----000-0-eng-d</controlfield><datafield ind1=" " ind2=" " tag="245"><subfield code="a">Proceedings of the Third International Conference on Numerical Methods in Fluids Mechanics. Vol.l: General lectures. Fundamental numerical techniques</subfield></datafield><datafield ind1=" " ind2=" " tag="260"><subfield code="a">Berlin</subfield><subfield code="b">Springer-Verlag</subfield><subfield code="c">1973</subfield></datafield><datafield ind1=" " ind2=" " tag="300"><subfield code="a">VII + 166 p</subfield></datafield><datafield ind1=" " ind2=" " tag="490"><subfield code="a">Lecture Notes In Physics</subfield></datafield><datafield ind1=" " ind2=" " tag="700"><subfield code="a">Cabannes, Henri</subfield></datafield><datafield ind1=" " ind2=" " tag="852"><subfield code="a">33L9L</subfield></datafield><datafield ind1=" " ind2=" " tag="CAT"><subfield code="a">SYS</subfield><subfield code="c">20170114</subfield><subfield code="h">224931</subfield></datafield></record></collection>